@INPROCEEDINGS{pakdaman,
    author={Pakdaman, Mehran and Sanaatiyan, M. Mehdi},
    booktitle={2009 Second International Conference on Computer and Electrical Engineering}, 
    title={Design and Implementation of Line Follower Robot}, 
    year={2009},
    volume={2},
    number={},
    pages={585-590},
    doi={10.1109/ICCEE.2009.43}
}

@article{shakey,
  title={Shakey the robot},
  author={Nilsson, Nils J and others},
  year={1984},
  publisher={Sri International Menlo Park, California}
}

@ARTICLE{moravec,
    author={Moravec, H.P.},
    journal={Proceedings of the IEEE}, 
    title={The Stanford Cart and the CMU Rover}, 
    year={1983},
    volume={71},
    number={7},
    pages={872-884},
    doi={10.1109/PROC.1983.12684}
}

@article{yun-su,
    title = {Trajectory tracking control for navigation of the inverse pendulum type self-contained mobile robot},
    journal = {Robotics and Autonomous Systems},
    volume = {17},
    number = {1},
    pages = {65-80},
    year = {1996},
    issn = {0921-8890},
    doi = {https://doi.org/10.1016/0921-8890(95)00062-3},
    url = {https://www.sciencedirect.com/science/article/pii/0921889095000623},
    author = {Yun-Su Ha and Shin'ichi Yuta},
    keywords = {Wheeled inverse pendulum, Posture and velocity control, Power wheeled steering, Trajectory tracking control},
}

@article{ghani,
    title={Two wheels balancing robot with line following capability},
    author={Ghani, Nor Maniha Abdul and Naim, Faradila and Yon, Tan Piow},
    journal={World Academy of Science, Engineering and Technology},
    volume={55},
    number={7},
    pages={634--638},
    year={2011},
    publisher={Citeseer}
}

@INPROCEEDINGS{coelho,
    author={Coelho, Vivien and Liew, Stanley and Stol, Karl and Liu, Guangyu},
    booktitle={2008 15th International Conference on Mechatronics and Machine Vision in Practice}, 
    title={Development of a Mobile Two-Wheel Balancing Platform for Autonomous Applications}, 
    year={2008},
    volume={},
    number={},
    pages={575-580},
    doi={10.1109/MMVIP.2008.4749594}
}

@article{baharuddin,
    title={Analysis of line sensor configuration for the advanced line follower robot},
    author={Baharuddin, M Zafri and Abidin, Izham Z and Mohideen, S Sulaiman Kaja and Siah, Yap Keem and Chuan, Jeffrey Tan Too},
    journal={University Tenaga Nasional},
    year={2005}
}

@INPROCEEDINGS{dupuis,
    author={Dupuis, J. and Parizeau, M.},
    booktitle={The 3rd Canadian Conference on Computer and Robot Vision (CRV'06)}, 
    title={Evolving a Vision-Based Line-Following Robot Controller}, 
    year={2006},
    volume={},
    number={},
    pages={75-75},
    doi={10.1109/CRV.2006.32}
}

@INPROCEEDINGS{gomes,
    author={Gomes, M.V and Bássora, L.A and Morandin, O and Vivaldini, K.C.T},
    booktitle={2016 IEEE 19th International Conference on Intelligent Transportation Systems (ITSC)}, 
    title={PID control applied on a line-follower AGV using a RGB camera}, 
    year={2016},
    volume={},
    number={},
    pages={194-198},
    doi={10.1109/ITSC.2016.7795553}
}

@INPROCEEDINGS{binugroho,
    author={Binugroho, Eko Henfri and Pratama, Derry and Syahputra, Akhmad Zackarya Rizqy and Pramadihanto, Dadet},
    booktitle={2015 International Electronics Symposium (IES)}, 
    title={Control for balancing line follower robot using discrete cascaded PID algorithm on ADROIT V1 education robot}, 
    year={2015},
    volume={},
    number={},
    pages={245-250},
    doi={10.1109/ELECSYM.2015.7380849}
}

@INPROCEEDINGS{engin,
    author={Engin, Mustafa and Engin, Dilşad},
    booktitle={2012 5th European DSP Education and Research Conference (EDERC)}, 
    title={Path planning of line follower robot}, 
    year={2012},
    volume={},
    number={},
    pages={1-5},
    doi={10.1109/EDERC.2012.6532213}
}

@ARTICLE{antonelli,
    author={Antonelli, Gianluca and Chiaverini, Stefano and Fusco, Giuseppe},
    journal={IEEE Transactions on Fuzzy Systems}, 
    title={A Fuzzy-Logic-Based Approach for Mobile Robot Path Tracking}, 
    year={2007},
    volume={15},
    number={2},
    pages={211-221},
    doi={10.1109/TFUZZ.2006.879998}
}

@INPROCEEDINGS{azlan,
    author={Azlan, N. Z. and Zainudin, F. and Yusuf, H. M. and Toha, S. F. and Yusoff, S. Z. S. and Osman, N. H.},
    booktitle={2007 2nd IEEE Conference on Industrial Electronics and Applications}, 
    title={Fuzzy Logic Controlled Miniature LEGO Robot for Undergraduate Training System}, 
    year={2007},
    volume={},
    number={},
    pages={2184-2188},
    doi={10.1109/ICIEA.2007.4318797}
}

@article{ibrahim,
    author = {Ibrahim, Dogan and Alshanableh, Tayseer},
    title = {An undergraduate fuzzy logic control lab using a line following robot},
    journal = {Computer Applications in Engineering Education},
    volume = {19},
    number = {4},
    pages = {639-646},
    keywords = {fuzzy logic controller, robotics, control systems, line following robot, educational tool},
    doi = {https://doi.org/10.1002/cae.20347},
    url = {https://onlinelibrary.wiley.com/doi/abs/10.1002/cae.20347},
    eprint = {https://onlinelibrary.wiley.com/doi/pdf/10.1002/cae.20347},
    year = {2011}
}

@INPROCEEDINGS{chen,
    author={Chen, Hung-Jin and Kao, Yu-Hsin},
    booktitle={2012 International conference on Fuzzy Theory and Its Applications (iFUZZY2012)}, 
    title={Design of fuzzy control applied to the path following of Lego-NXT system}, 
    year={2012},
    volume={},
    number={},
    pages={263-267},
    doi={10.1109/iFUZZY.2012.6409713}
}

@book{dubois,
    title={Fundamentals of fuzzy sets},
    author={Dubois, Didier and Prade, Henri},
    volume={7},
    year={2012},
    publisher={Springer Science \& Business Media}
}

@INPROCEEDINGS{saadatmand,
    author={Saadatmand, Sepehr and Azizi, Sima and Kavousi, Mohammadamir and Wunsch, Donald},
    booktitle={2020 10th Annual Computing and Communication Workshop and Conference (CCWC)}, 
    title={Autonomous Control of a Line Follower Robot Using a Q-Learning Controller}, 
    year={2020},
    volume={},
    number={},
    pages={0556-0561},
    doi={10.1109/CCWC47524.2020.9031160}
}

@INPROCEEDINGS{almeida,
    author={Almeida, L. and Mota, A. and Fonseca, P.},
    booktitle={AMC'98 - Coimbra. 1998 5th International Workshop on Advanced Motion Control. Proceedings (Cat. No.98TH8354)}, 
    title={Comparing control strategies for autonomous line-tracking robots}, 
    year={1998},
    volume={},
    number={},
    pages={542-547},
    doi={10.1109/AMC.1998.743594}
}

@INPROCEEDINGS{mishra,
    author={Mishra, Swati and Bande, Pankaj},
    booktitle={2008 IEEE International Conference on Signal Image Technology and Internet Based Systems}, 
    title={Maze Solving Algorithms for Micro Mouse}, 
    year={2008},
    volume={},
    number={},
    pages={86-93},
    doi={10.1109/SITIS.2008.104}
}

@INPROCEEDINGS{sadik,
    author={Sadik, Adil M.J. and Dhali, Maruf A. and Farid, Hasib M.A.B. and Rashid, Tafhim U. and Syeed, A.},
    booktitle={2010 International Conference on Artificial Intelligence and Computational Intelligence}, 
    title={A Comprehensive and Comparative Study of Maze-Solving Techniques by Implementing Graph Theory}, 
    year={2010},
    volume={1},
    number={},
    pages={52-56},
    doi={10.1109/AICI.2010.18}
}

@misc{nxtpython,
    author = {Nicolas Schodet},
    title = {nxt-python},
    year = {2010},
    publisher = {GitHub},
    journal = {GitHub repository},
    url = {https://github.com/schodet/nxt-python},
    note = {(accessed February 13, 2023)}
}

@misc{nxtpythonmotor,
    author = {nxt-python library},
    title = {nxt.motor.BaseMotor},
    year = {2021},
    journal = {Web page},
    url = {https://ni.srht.site/nxt-python/latest/api/motor.html#nxt.motor.BaseMotor},
    note = {(accessed February 13, 2023)}
}

@article{zadehfuzzy,
  title={Fuzzy sets as a basis for a theory of possibility},
  author={Zadeh, Lotfi Asker},
  journal={Fuzzy sets and systems},
  volume={1},
  number={1},
  pages={3--28},
  year={1978},
  publisher={Elsevier}
}